% !Mode:: "TeX:UTF-8"

@online{qemu/virt,
   author = {qemu/qemu},
   title = {qemu/virt.c at master - qemu/qemu - GitHub},
   url = {https://github.com/qemu/qemu/blob/master/hw/riscv/virt.c},
   year = 2021,
}

@online{ufs,
   author = {Wikipedia},
   title = {Unix File System - Wikipedia},
   url = {https://en.wikipedia.org/wiki/Unix_File_System},
   year = 2021,
}

@article{greengard2020will,
	title={Will risc-v revolutionize computing?},
	author={Greengard, Samuel},
	journal={Communications of the ACM},
	volume={63},
	number={5},
	pages={30--32},
	year={2020},
	publisher={ACM New York, NY, USA}
}

@article{王莹2019中国工程院院士,
	title={中国工程院院士, 中国开放指令生态 (RISC-V) 联盟理事长倪光南谈 未来 RISC-V 有望成为世界主流 CPU 之一},
	author={王莹},
	journal={电子产品世界},
	volume={9},
	year={2019}
}

@article{程知2020基于,
	title={基于 RISC-V 指令集的计算机组成原理课程实践},
	author={程知 and 何立新 and 张新 and 江立辉},
	journal={合肥学院学报 (综合版)},
	year={2020}
}

@article{张军2020基于,
	title={基于 RISC-V 架构的计算机系统能力培养机制探索},
	author={张军 and 项东升 and 张其林 and 王普},
	journal={计算机教育},
	year={2020}
}

@inproceedings{DBLP:conf/hpca/BlemMS13,
	author    = {Emily R. Blem and
	Jaikrishnan Menon and
	Karthikeyan Sankaralingam},
	title     = {Power struggles: Revisiting the {RISC} vs. {CISC} debate on contemporary
	{ARM} and x86 architectures},
	booktitle = {19th {IEEE} International Symposium on High Performance Computer Architecture,
	{HPCA} 2013, Shenzhen, China, February 23-27, 2013},
	pages     = {1--12},
	publisher = {{IEEE} Computer Society},
	year      = {2013}
}

@techreport{Asanović:EECS-2014-146,
	Author = {Asanović, Krste and Patterson, David A.},
	Title = {Instruction Sets Should Be Free: The Case For RISC-V},
	Institution = {EECS Department, University of California, Berkeley},
	Year = {2014},
	Month = {Aug},
	Number = {UCB/EECS-2014-146}
}

@inproceedings{DBLP:conf/asap/FlamandR0LPRB18,
	author    = {Eric Flamand and
	Davide Rossi and
	Francesco Conti and
	Igor Loi and
	Antonio Pullini and
	Florent Rotenberg and
	Luca Benini},
	title     = {{GAP-8:} {A} {RISC-V} SoC for {AI} at the Edge of the IoT},
	booktitle = {29th {IEEE} International Conference on Application-specific Systems,
	Architectures and Processors, {ASAP} 2018, Milano, Italy, July 10-12,
	2018},
	pages     = {1--4},
	publisher = {{IEEE} Computer Society},
	year      = {2018}
}

@article{DBLP:journals/jssc/KellerCZKPLBBCD17,
	author    = {Ben Keller and
	Martin Cochet and
	Brian Zimmer and
	Jaehwa Kwak and
	Alberto Puggelli and
	Yunsup Lee and
	Milovan Blagojevic and
	Stevo Bailey and
	Pi{-}Feng Chiu and
	Palmer Dabbelt and
	Colin Schmidt and
	Elad Alon and
	Krste Asanovic and
	Borivoje Nikolic},
	title     = {A {RISC-V} Processor SoC With Integrated Power Management at Submicrosecond
	Timescales in 28 nm {FD-SOI}},
	journal   = {{IEEE} J. Solid State Circuits},
	volume    = {52},
	number    = {7},
	pages     = {1863--1875},
	year      = {2017}
}

@INPROCEEDINGS{A45nm1.3GHz,
	author={Lee, Yunsup and Waterman, Andrew and Avizienis, Rimas and Cook, Henry and Sun, Chen and Stojanović, Vladimir and Asanović, Krste},
	booktitle={ESSCIRC 2014 - 40th European Solid State Circuits Conference (ESSCIRC)}, 
	title={A 45nm 1.3GHz 16.7 double-precision GFLOPS/W RISC-V processor with vector accelerators}, 
	year={2014},
	volume={},
	number={},
	pages={199-202}
}

@article{DBLP:journals/acta/BrodalDM05,
	author    = {Gerth St{\o}lting Brodal and
	Erik D. Demaine and
	J. Ian Munro},
	title     = {Fast allocation and deallocation with an improved buddy system},
	journal   = {Acta Informatica},
	volume    = {41},
	number    = {4-5},
	pages     = {273--291},
	year      = {2005}
}

@INPROCEEDINGS{8965559,
	author={Ince, M. Numan and Ledet, Joseph and Gunay, Melih},
	booktitle={2019 1st International Informatics and Software Engineering Conference (UBMYK)}, 
	title={Building An Open Source Linux Computing System On RISC-V}, 
	year={2019},
	volume={},
	number={},
	pages={1-4},}

@INPROCEEDINGS{7496153,
	author={Akçay, Latif and Tükel, Mehmet and Örs, Sıddıka Berna},
	booktitle={2016 24th Signal Processing and Communication Application Conference (SIU)}, 
	title={Implementation of an OpenRISC based SoC and Linux Kernel installation on FPGA}, 
	year={2016},
	volume={},
	number={},
	pages={1969-1972},}

@INPROCEEDINGS{6481909,
	author={Bakiri, Mohammed and Titri, Sabrina and Izeboudjen, Nouma and Abid, Faroudja and Louiz, Fatiha and Lazib, Dalila},
	booktitle={2012 6th International Conference on Sciences of Electronics, Technologies of Information and Telecommunications (SETIT)}, 
	title={Embedded system with Linux Kernel based on OpenRISC 1200-V3}, 
	year={2012},
	volume={},
	number={},
	pages={177-182},}

@ARTICLE{7436635,
	author={Lee, Yunsup and Waterman, Andrew and Cook, Henry and Zimmer, Brian and Keller, Ben and Puggelli, Alberto and Kwak, Jaehwa and Jevtic, Ruzica and Bailey, Stevo and Blagojevic, Milovan and Chiu, Pi-Feng and Avizienis, Rimas and Richards, Brian and Bachrach, Jonathan and Patterson, David and Alon, Elad and Nikolic, Bora and Asanovic, Krste},
	journal={IEEE Micro}, 
	title={An Agile Approach to Building RISC-V Microprocessors}, 
	year={2016},
	volume={36},
	number={2},
	pages={8-20},}

@article{DBLP:journals/computer/Isaak90a,
	author    = {James Isaak},
	title     = {The History of Posix: {A} Study in the Standards Process},
	journal   = {Computer},
	volume    = {23},
	number    = {7},
	pages     = {89--92},
	year      = {1990},
}

@article{DBLP:journals/eor/RasmussenT08,
	author    = {Rasmus V. Rasmussen and
	Michael A. Trick},
	title     = {Round robin scheduling - a survey},
	journal   = {Eur. J. Oper. Res.},
	volume    = {188},
	number    = {3},
	pages     = {617--636},
	year      = {2008}
}

@inproceedings{DBLP:conf/amast/Heisel95,
	author    = {Maritta Heisel},
	editor    = {Vangalur S. Alagar and
	Maurice Nivat},
	title     = {Specification of the Unix File System: {A} Comparative Case Study},
	booktitle = {Algebraic Methodology and Software Technology, 4th International Conference,
	{AMAST} '95, Montreal, Canada, July 3-7, 1995, Proceedings},
	series    = {Lecture Notes in Computer Science},
	volume    = {936},
	pages     = {475--488},
	publisher = {Springer},
	year      = {1995},
}